@ARTICLE{kang07,
AUTHOR = "Kang, Henry and Lee, Seungyong and Chui, Charles K.",
TITLE = "Coherent line drawing",
JOURNAL = {NPAR '07: Proceedings of the 5th international symposium on Non-photorealistic animation and rendering},
YEAR = {2007},
ISBN = {978-1-59593-624-0},
PAGES = {43--50},
LOCATION = {San Diego, California},
DOI = {http://doi.acm.org/10.1145/1274871.1274878},
PUBLISHER = {ACM},
ADDRESS = {New York, NY, USA}
}

@article{kang09,
 author = {Kang,, Henry and Lee,, Seungyong and Chui,, Charles K.},
 title = {Flow-Based Image Abstraction},
 journal = {IEEE Transactions on Visualization and Computer Graphics},
 volume = {15},
 number = {1},
 year = {2009},
 issn = {1077-2626},
 pages = {62--76},
 doi = {http://dx.doi.org/10.1109/TVCG.2008.81},
 publisher = {IEEE Educational Activities Department},
 address = {Piscataway, NJ, USA},
 }


@BOOK{strothotte02,
AUTHOR = {Strothotte, Thomas   and Schlechtweg, Stefan  },
ISBN = {1558607870},
MONTH = {June},
PUBLISHER = {Morgan Kaufmann Publishers Inc.},
ADDRESS = {San Francisco, CA, USA},
TITLE = {Non-Photorealistic Computer Graphics: Modeling, Rendering and Animation},
URL = {http://www.amazon.ca/exec/obidos/redirect?tag=citeulike09-20\&amp;path=ASIN/1558607870},
YEAR = {2002}
}

@ARTICLE{belongie98,
title={Color- and texture-based image segmentation using EM and its application to content-based image retrieval},
author={Belongie, S. and Carson, C. and Greenspan, H. and Malik, J.},
journal={Computer Vision, 1998. Sixth International Conference on},
year={1998},
month={Jan},
volume={},
number={},
pages={675-682},
keywords={image representation, image segmentation, information retrieval, query processingcontent-based image retrieval, expectation-maximization algorithm, image regions, image representation, image segmentation, scale selection, similarity-based querying, texture description, texture features},
doi={10.1109/ICCV.1998.710790},
ISSN={}, 
}

@ARTICLE{canny86,
title={A Computational Approach to Edge Detection},
author={Canny, John},
journal={Pattern Analysis and Machine Intelligence, IEEE Transactions on},
year={1986},
month={Nov. },
volume={PAMI-8},
number={6},
pages={679-698},
doi={10.1109/TPAMI.1986.4767851},
ISSN={0162-8828}, 
}

@article{marr-hildreth80,
	author = {Marr, D.  and Hildreth, E. },
	journal = {Proceedings of the Royal Society of London. Series B, Biological Sciences,},
	keywords = {computer-vision, image-processing, segmentation},
	month = {February},
	number = {1167},
	pages = {187--217},
	posted-at = {2007-11-08 19:27:39},
	priority = {2},
	title = {Theory of Edge Detection},
	volume = {207},
	year = {1980}
}

@article{gooch04,
 author = {Gooch,, Bruce and Reinhard,, Erik and Gooch,, Amy},
 title = {Human facial illustrations: Creation and psychophysical evaluation},
 journal = {ACM Trans. Graph.},
 volume = {23},
 number = {1},
 year = {2004},
 issn = {0730-0301},
 pages = {27--44},
 doi = {http://doi.acm.org/10.1145/966131.966133},
 publisher = {ACM},
 address = {New York, NY, USA},
 }



@misc{emily08,
      author = {Image Metrics and USC Institute for Creative Technologies Graphics Lab},
      title={High Resolution Face Scanning for "Digital Emily"},
      year={2008},
      howpublished="\url{http://gl.ict.usc.edu/Research/DigitalEmily/}"
}

@article{schumann96,
 author = {Schumann,, Jutta and Strothotte,, Thomas and Laser,, Stefan and Raab,, Andreas},
 title = {Assessing the effect of non-photorealistic rendered images in CAD},
 journal = {CHI '96: Proceedings of the SIGCHI conference on Human factors in computing systems},
 year = {1996},
 isbn = {0-89791-777-4},
 pages = {35--41},
 location = {Vancouver, British Columbia, Canada},
 doi = {http://doi.acm.org/10.1145/238386.238398},
 publisher = {ACM},
 address = {New York, NY, USA},
}

@article{isenberg06,
 author = {Isenberg,, Tobias and Neumann,, Petra and Carpendale,, Sheelagh and Sousa,, Mario Costa and Jorge,, Joaquim A.},
 title = {Non-photorealistic rendering in context: an observational study},
 journal = {NPAR '06: Proceedings of the 4th international symposium on Non-photorealistic animation and rendering},
 year = {2006},
 isbn = {1-59593-357-3},
 pages = {115--126},
 location = {Annecy, France},
 doi = {http://doi.acm.org/10.1145/1124728.1124747},
 publisher = {ACM},
 address = {New York, NY, USA},
 }

@article{gooch98,
 author = {Gooch,, Amy and Gooch,, Bruce and Shirley,, Peter and Cohen,, Elaine},
 title = {A non-photorealistic lighting model for automatic technical illustration},
 journal = {SIGGRAPH '98: Proceedings of the 25th annual conference on Computer graphics and interactive techniques},
 year = {1998},
 isbn = {0-89791-999-8},
 pages = {447--452},
 doi = {http://doi.acm.org/10.1145/280814.280950},
 publisher = {ACM},
 address = {New York, NY, USA},
 }

@article{strothotte94,
	author = {T. Strothotte and B. Preim and A. Raab and J. Schumann and D. R. Forsey},
	journal = {Computer Graphics Forum},
	title = {How to Render Frames and Influence People},
	year = {1994},
	volume = {13},
	number = {3},
	pages = {455--466},
	note = {Special issue on Eurographics~'94} 
}   

@article{winkenbach94,
 author = {Winkenbach,, Georges and Salesin,, David H.},
 title = {Computer-generated pen-and-ink illustration},
 journal = {SIGGRAPH '94: Proceedings of the 21st annual conference on Computer graphics and interactive techniques},
 year = {1994},
 isbn = {0-89791-667-0},
 pages = {91--100},
 doi = {http://doi.acm.org/10.1145/192161.192184},
 publisher = {ACM},
 address = {New York, NY, USA},
 }

@article{salisbury94,
 author = {Salisbury,, Michael P. and Anderson,, Sean E. and Barzel,, Ronen and Salesin,, David H.},
 title = {Interactive pen-and-ink illustration},
 journal = {SIGGRAPH '94: Proceedings of the 21st annual conference on Computer graphics and interactive techniques},
 year = {1994},
 isbn = {0-89791-667-0},
 pages = {101--108},
 doi = {http://doi.acm.org/10.1145/192161.192185},
 publisher = {ACM},
 address = {New York, NY, USA},
 }

@article{secord02,
 author = {Secord,, Adrian},
 title = {Weighted Voronoi stippling},
 journal = {NPAR '02: Proceedings of the 2nd international symposium on Non-photorealistic animation and rendering},
 year = {2002},
 isbn = {1-58113-494-0},
 pages = {37--43},
 location = {Annecy, France},
 doi = {http://doi.acm.org/10.1145/508530.508537},
 publisher = {ACM},
 address = {New York, NY, USA},
 }

@article{deussen00,
    author = {Oliver Deussen and Stefan Hiller and Cornelius Van Overveld and Thomas Strothotte},
    title = {Floating Points: A Method for Computing Stipple Drawings},
    journal = {Computer Graphics Forum},
    year = {2000},
    volume = {19},
    pages = {40--51}
}

@article{litwinowicz97,
 author = {Litwinowicz,, Peter},
 title = {Processing images and video for an impressionist effect},
 journal = {SIGGRAPH '97: Proceedings of the 24th annual conference on Computer graphics and interactive techniques},
 year = {1997},
 isbn = {0-89791-896-7},
 pages = {407--414},
 doi = {http://doi.acm.org/10.1145/258734.258893},
 publisher = {ACM Press/Addison-Wesley Publishing Co.},
 address = {New York, NY, USA},
 }

@inproceedings{hertzmann98,
 author = {Hertzmann,, Aaron},
 title = {Painterly rendering with curved brush strokes of multiple sizes},
 booktitle = {SIGGRAPH '98: Proceedings of the 25th annual conference on Computer graphics and interactive techniques},
 year = {1998},
 isbn = {0-89791-999-8},
 pages = {453--460},
 doi = {http://doi.acm.org/10.1145/280814.280951},
 publisher = {ACM},
 address = {New York, NY, USA},
 }

@article{hays04,
 author = {Hays,, James and Essa,, Irfan},
 title = {Image and video based painterly animation},
 journal = {NPAR '04: Proceedings of the 3rd international symposium on Non-photorealistic animation and rendering},
 year = {2004},
 isbn = {1-58113-887-3},
 pages = {113--120},
 location = {Annecy, France},
 doi = {http://doi.acm.org/10.1145/987657.987676},
 publisher = {ACM},
 address = {New York, NY, USA},
 }

@article{sousa03,
   author       = {Mario Costa Sousa and Przemyslaw Prusinkiewicz},
   title        = {A Few Good Lines: Suggestive Drawing of 3D Models},
   doi          = {10.1111/1467-8659.00685},
   journal      = {Computer Graphics Forum},
   year         = {2003},
   volume       = {22},
   number       = {3},
   pages        = {381--390},
   month        = {September},
   note         = {}
}

@article{decarlo03,
 author = {DeCarlo,, Doug and Finkelstein,, Adam and Rusinkiewicz,, Szymon and Santella,, Anthony},
 title = {Suggestive contours for conveying shape},
 journal = {ACM Trans. Graph.},
 volume = {22},
 number = {3},
 year = {2003},
 issn = {0730-0301},
 pages = {848--855},
 doi = {http://doi.acm.org/10.1145/882262.882354},
 publisher = {ACM},
 address = {New York, NY, USA},
 }
