This file was created with JabRef 2.2.
Encoding: Cp1252

@MISC{solarspectrum,
  author = {http://rredc.nrel.gov/solar/spectra/am1.5/},
  title = {Reference Solar Spectral Irradiance: Air Mass 1.5 (ASTM G173-03 Reference
	Spectra Derived from SMARTS v. 2.9.2)},
  month = {January},
  year = {2004},
  owner = {Josh},
  timestamp = {2007.07.12}
}

@ARTICLE{Holt:2008,
  author = {J. M. Holt},
  title = {A Guaranteed Nobel Prize Paper},
  journal = {Nature},
  year = {2008},
  volume = {20},
  pages = {1},
  owner = {Josh},
  timestamp = {2007.07.11}
}

