@BOOK{mf:mtp,
  AUTHOR = "Morse, P. M. and Feshbach, H.",
  TITLE = "Methods of Theoretical Physics",
  PUBLISHER = {McGraw Hill},
  ADDRESS = {New York},
  YEAR = 1953}
@ARTICLE{ft:fest,
  AUTHOR = "Feshbach, H. and Tikochinsky, Y.",
  TITLE = "A Festschrift for I. I. Rabi",
  JOURNAL = {Transactions, New York Academy of Sciences, Series II, Vol. 38},
  YEAR = 1977}
@ARTICLE{emmg,
  AUTHOR = "Celeghini, E. and Rasetti, M. and Tarlini, M. and Vitiello, G.",
  TITLE = "",
  JOURNAL = {Mod. Phys. Lett. B 3, 1213},
  YEAR = 1989}
@ARTICLE{action,
  AUTHOR = "Srivastava, Y. N. and Vitiello, G. and Widom, A.",
  TITLE = "Quantum Dissipation and Quantum Noise",
  JOURNAL = {Preprint},
  YEAR = 1994}
